
<record>
  <leader>04174cam a22005895i 4500</leader>
  <controlfield tag="001">21351265</controlfield>
  <controlfield tag="005">20200103153653.0</controlfield>
  <controlfield tag="008">200103t20192019sa ab    b    001 0 eng d</controlfield>
  <datafield tag="906" ind1=" " ind2=" ">
    <subfield code="a">0</subfield>
    <subfield code="b">ibc</subfield>
    <subfield code="c">copycat</subfield>
    <subfield code="d">3</subfield>
    <subfield code="e">ncip</subfield>
    <subfield code="f">20</subfield>
    <subfield code="g">y-gencatlg</subfield>
  </datafield>
  <datafield tag="925" ind1="0" ind2=" ">
    <subfield code="a">acquire</subfield>
    <subfield code="b">1 shelf copy</subfield>
    <subfield code="x">policy default</subfield>
  </datafield>
  <datafield tag="955" ind1=" " ind2=" ">
    <subfield code="b">bc22 2020-01-03 z-processor</subfield>
    <subfield code="i">bc22 2020-01-03 to review</subfield>
  </datafield>
  <datafield tag="010" ind1=" " ind2=" ">
    <subfield code="a">  2020212835</subfield>
  </datafield>
  <datafield tag="020" ind1=" " ind2=" ">
    <subfield code="a">1775845974</subfield>
    <subfield code="q">(paperback)</subfield>
  </datafield>
  <datafield tag="020" ind1=" " ind2=" ">
    <subfield code="a">9781775845973</subfield>
    <subfield code="q">(paperback)</subfield>
  </datafield>
  <datafield tag="020" ind1=" " ind2=" ">
    <subfield code="z">9781775845881</subfield>
    <subfield code="q">(ePub)</subfield>
  </datafield>
  <datafield tag="035" ind1=" " ind2=" ">
    <subfield code="a">(OCoLC)on1085160786</subfield>
  </datafield>
  <datafield tag="040" ind1=" " ind2=" ">
    <subfield code="a">YDX</subfield>
    <subfield code="b">eng</subfield>
    <subfield code="c">YDX</subfield>
    <subfield code="e">rda</subfield>
    <subfield code="d">BDX</subfield>
    <subfield code="d">OI@</subfield>
    <subfield code="d">OCLCF</subfield>
    <subfield code="d">EEM</subfield>
    <subfield code="d">OCLCO</subfield>
    <subfield code="d">GZM</subfield>
    <subfield code="d">DLC</subfield>
  </datafield>
  <datafield tag="042" ind1=" " ind2=" ">
    <subfield code="a">lccopycat</subfield>
  </datafield>
  <datafield tag="043" ind1=" " ind2=" ">
    <subfield code="a">f-sa---</subfield>
  </datafield>
  <datafield tag="050" ind1="0" ind2="0">
    <subfield code="a">GN865.S6</subfield>
    <subfield code="b">C37 2019</subfield>
  </datafield>
  <datafield tag="082" ind1="0" ind2="4">
    <subfield code="a">569.90968</subfield>
    <subfield code="2">23</subfield>
  </datafield>
  <datafield tag="100" ind1="1" ind2=" ">
    <subfield code="a">Carruthers, Vincent,</subfield>
    <subfield code="e">author.</subfield>
  </datafield>
  <datafield tag="245" ind1="1" ind2="0">
    <subfield code="a">Cradle of life :</subfield>
    <subfield code="b">the story of the Magaliesberg and the Cradle of Humankind /</subfield>
    <subfield code="c">Vincent Carruthers ; with contributions by Marina Elliott.</subfield>
  </datafield>
  <datafield tag="264" ind1=" " ind2="1">
    <subfield code="a">Cape Town, South Africa :</subfield>
    <subfield code="b">Struik Nature,</subfield>
    <subfield code="c">2019.</subfield>
  </datafield>
  <datafield tag="264" ind1=" " ind2="3">
    <subfield code="a">Cape Town, South Africa :</subfield>
    <subfield code="b">Novus Print Solutions,</subfield>
    <subfield code="c">2019.</subfield>
  </datafield>
  <datafield tag="264" ind1=" " ind2="4">
    <subfield code="c">©2019</subfield>
  </datafield>
  <datafield tag="300" ind1=" " ind2=" ">
    <subfield code="a">256 pages :</subfield>
    <subfield code="b">illustrations (some color), maps ;</subfield>
    <subfield code="c">23 cm</subfield>
  </datafield>
  <datafield tag="336" ind1=" " ind2=" ">
    <subfield code="a">text</subfield>
    <subfield code="b">txt</subfield>
    <subfield code="2">rdacontent</subfield>
  </datafield>
  <datafield tag="337" ind1=" " ind2=" ">
    <subfield code="a">unmediated</subfield>
    <subfield code="b">n</subfield>
    <subfield code="2">rdamedia</subfield>
  </datafield>
  <datafield tag="338" ind1=" " ind2=" ">
    <subfield code="a">volume</subfield>
    <subfield code="b">nc</subfield>
    <subfield code="2">rdacarrier</subfield>
  </datafield>
  <datafield tag="504" ind1=" " ind2=" ">
    <subfield code="a">Includes bibliographical references (pages 246-249) and index.</subfield>
  </datafield>
  <datafield tag="505" ind1="0" ind2=" ">
    <subfield code="a">Introduction. The Cradle-Magaliesbeg -- The Magaliesberg Biosphere Reserve -- The Cradle of Humankind World Heritage Site. Part 1. Life and landscape. 1. The birth of the planet - 2. The first landmass and early life - 3. Evolution and extinction - 4. Africa. Part 2. Human evolution. 5. The human evolutionary line - 6. The Cradle hominins - 7. The human genus. Part 3. Archeology and history. 8. The first people - 9. The nineteenth century - 10. Boers and British - 11. Science and engineering. Conclusion. The Anthropocene.</subfield>
  </datafield>
  <datafield tag="520" ind1=" " ind2=" ">
    <subfield code="a">&quot;The Cradle of Humankind World Heritage Site situated in the heart of the Magaliesberg Biosphere Reserve is the jewel in South Africa&apos;s evolutionary crown: an area &apos;of outstanding universal value&apos;, it has attracted world-wide interest and furnished key evidence about where, when and how we came to be. The greater Magaliesberg area is peppered with some 200 caves and has a unique geology, history and biodiversity. For decades now, specialists have been combing the area to uncover evidence of our heritage. In his spectacular new title, Vincent Carruthers guides readers along a timeline, from the birth of our planet through to developments of the twenty first century. Along the way he documents the formation of our landscapes and the emergence of life, the rise of hominins, the stone and iron ages, early settlement, migrations, wars and modern developments in the Magaliesberg - the entire evolution of life up to the present, as we know it. Vividly illustrated with photographs, maps and diagrams, Cradle of Life portrays the intrigue and importance of the site, taking readers on a magical journey of discovery&quot;--Back cover.</subfield>
  </datafield>
  <datafield tag="651" ind1=" " ind2="0">
    <subfield code="a">Cradle of Humankind World Heritage Site (South Africa)</subfield>
  </datafield>
  <datafield tag="651" ind1=" " ind2="0">
    <subfield code="a">Magaliesberg (South Africa)</subfield>
    <subfield code="x">History.</subfield>
  </datafield>
  <datafield tag="650" ind1=" " ind2="0">
    <subfield code="a">Fossil hominids</subfield>
    <subfield code="z">South Africa</subfield>
    <subfield code="z">Magaliesberg.</subfield>
  </datafield>
  <datafield tag="650" ind1=" " ind2="0">
    <subfield code="a">Human evolution</subfield>
    <subfield code="z">South Africa</subfield>
    <subfield code="z">Magaliesberg.</subfield>
  </datafield>
  <datafield tag="650" ind1=" " ind2="0">
    <subfield code="a">Animals, Fossil</subfield>
    <subfield code="z">South Africa</subfield>
    <subfield code="z">Magaliesberg.</subfield>
  </datafield>
  <datafield tag="650" ind1=" " ind2="0">
    <subfield code="a">Human remains (Archaeology)</subfield>
    <subfield code="z">South Africa</subfield>
    <subfield code="z">Magaliesberg.</subfield>
  </datafield>
  <datafield tag="650" ind1=" " ind2="0">
    <subfield code="a">Prehistoric peoples</subfield>
    <subfield code="z">South Africa.</subfield>
  </datafield>
  <datafield tag="650" ind1=" " ind2="0">
    <subfield code="a">Archaeology</subfield>
    <subfield code="z">South Africa.</subfield>
  </datafield>
  <datafield tag="650" ind1=" " ind2="7">
    <subfield code="a">Animals, Fossil.</subfield>
    <subfield code="2">fast</subfield>
    <subfield code="0">(OCoLC)fst00809599</subfield>
  </datafield>
  <datafield tag="650" ind1=" " ind2="7">
    <subfield code="a">Archaeology.</subfield>
    <subfield code="2">fast</subfield>
    <subfield code="0">(OCoLC)fst00812938</subfield>
  </datafield>
  <datafield tag="650" ind1=" " ind2="7">
    <subfield code="a">Fossil hominids.</subfield>
    <subfield code="2">fast</subfield>
    <subfield code="0">(OCoLC)fst00933159</subfield>
  </datafield>
  <datafield tag="650" ind1=" " ind2="7">
    <subfield code="a">Human evolution.</subfield>
    <subfield code="2">fast</subfield>
    <subfield code="0">(OCoLC)fst00963030</subfield>
  </datafield>
  <datafield tag="650" ind1=" " ind2="7">
    <subfield code="a">Human remains (Archaeology)</subfield>
    <subfield code="2">fast</subfield>
    <subfield code="0">(OCoLC)fst00963213</subfield>
  </datafield>
  <datafield tag="650" ind1=" " ind2="7">
    <subfield code="a">Prehistoric peoples.</subfield>
    <subfield code="2">fast</subfield>
    <subfield code="0">(OCoLC)fst01075242</subfield>
  </datafield>
  <datafield tag="651" ind1=" " ind2="7">
    <subfield code="a">South Africa.</subfield>
    <subfield code="2">fast</subfield>
    <subfield code="0">(OCoLC)fst01204616</subfield>
  </datafield>
  <datafield tag="651" ind1=" " ind2="7">
    <subfield code="a">South Africa</subfield>
    <subfield code="z">Cradle of Humankind World Heritage Site.</subfield>
    <subfield code="2">fast</subfield>
    <subfield code="0">(OCoLC)fst01305098</subfield>
  </datafield>
  <datafield tag="651" ind1=" " ind2="7">
    <subfield code="a">South Africa</subfield>
    <subfield code="z">Magaliesberg.</subfield>
    <subfield code="2">fast</subfield>
    <subfield code="0">(OCoLC)fst01890801</subfield>
  </datafield>
  <datafield tag="655" ind1=" " ind2="7">
    <subfield code="a">History.</subfield>
    <subfield code="2">fast</subfield>
    <subfield code="0">(OCoLC)fst01411628</subfield>
  </datafield>
  <datafield tag="700" ind1="1" ind2=" ">
    <subfield code="a">Elliott, Marina C.,</subfield>
    <subfield code="e">contributor.</subfield>
  </datafield>
</record>