
<record>
  <leader>02059nam a22002775i 4500</leader>
  <controlfield tag="001">21351383</controlfield>
  <controlfield tag="005">20200103162353.0</controlfield>
  <controlfield tag="008">200103s2020    nyu           000 0 eng  </controlfield>
  <datafield tag="906" ind1=" " ind2=" ">
    <subfield code="a">0</subfield>
    <subfield code="b">ibc</subfield>
    <subfield code="c">orignew</subfield>
    <subfield code="d">2</subfield>
    <subfield code="e">epcn</subfield>
    <subfield code="f">20</subfield>
    <subfield code="g">y-gencatlg</subfield>
  </datafield>
  <datafield tag="925" ind1="0" ind2=" ">
    <subfield code="a">acquire</subfield>
    <subfield code="b">1 shelf copy</subfield>
    <subfield code="x">policy default</subfield>
  </datafield>
  <datafield tag="955" ind1=" " ind2=" ">
    <subfield code="b">xd04 2020-01-03</subfield>
  </datafield>
  <datafield tag="010" ind1=" " ind2=" ">
    <subfield code="a">  2020930117</subfield>
  </datafield>
  <datafield tag="020" ind1=" " ind2=" ">
    <subfield code="a">9781536173314</subfield>
    <subfield code="q">(hardcover)</subfield>
  </datafield>
  <datafield tag="020" ind1=" " ind2=" ">
    <subfield code="z">9781536173321</subfield>
    <subfield code="q">(adobe pdf)</subfield>
  </datafield>
  <datafield tag="040" ind1=" " ind2=" ">
    <subfield code="a">DLC</subfield>
    <subfield code="b">eng</subfield>
    <subfield code="e">rda</subfield>
    <subfield code="c">DLC</subfield>
  </datafield>
  <datafield tag="042" ind1=" " ind2=" ">
    <subfield code="a">pcc</subfield>
  </datafield>
  <datafield tag="245" ind1="0" ind2="0">
    <subfield code="a">Human papillomaviruses (hpvs): :</subfield>
    <subfield code="b">detection, infection and protection /</subfield>
    <subfield code="c">Yvette Franklin.</subfield>
  </datafield>
  <datafield tag="263" ind1=" " ind2=" ">
    <subfield code="a">2002</subfield>
  </datafield>
  <datafield tag="264" ind1=" " ind2="1">
    <subfield code="a">Hauppauge :</subfield>
    <subfield code="b">Nova Science Publishers,</subfield>
    <subfield code="c">2020.</subfield>
  </datafield>
  <datafield tag="300" ind1=" " ind2=" ">
    <subfield code="a">pages cm</subfield>
  </datafield>
  <datafield tag="336" ind1=" " ind2=" ">
    <subfield code="a">text</subfield>
    <subfield code="b">txt</subfield>
    <subfield code="2">rdacontent</subfield>
  </datafield>
  <datafield tag="337" ind1=" " ind2=" ">
    <subfield code="a">unmediated</subfield>
    <subfield code="b">n</subfield>
    <subfield code="2">rdamedia</subfield>
  </datafield>
  <datafield tag="338" ind1=" " ind2=" ">
    <subfield code="a">volume</subfield>
    <subfield code="b">nc</subfield>
    <subfield code="2">rdacarrier</subfield>
  </datafield>
  <datafield tag="490" ind1="0" ind2=" ">
    <subfield code="a">New developments in medical research</subfield>
  </datafield>
  <datafield tag="520" ind1=" " ind2=" ">
    <subfield code="a">&quot;Virtually all cervical cancer cases are caused by human papilloma viruses (HPV), mainly HPV-16 and HPV-18. Furthermore, HPVs may cause other types of cancer, such as squamous anal cancers and vulvar cancer. In men, HPVs are associated with genital lesions, anal cancer, penile cancer, and head and neck cancers. As such, this compilation focuses on recent findings in HPV epidemiology, prevention, and updates regarding prophylatic HPV vaccines. Bioinformatics tool are important in the analysis of molecular and biological data, which could provide novel insights on the development of treatment and prevention methods for disease control. Through bioinformatics, it is possible to analyze and simulate HPV molecular data through the use of universal databases and analysis tools, in order to better understand the virus genetics and infection cycle. In conclusion, Human Papillomaviruses (HPVs): Detection, Infection and Protection appraises HPV vaccines for the prophylaxis of HPV infection in healthy individuals. Vaccines used for earlier varieties are Gardasil (Merck, Kenilworth, NJ, U.S.A.) and Cervarix (GlaxoSmithKline, Brentford, U.K.)&quot;--</subfield>
    <subfield code="c">Provided by publisher.</subfield>
  </datafield>
  <datafield tag="700" ind1="1" ind2=" ">
    <subfield code="a">Franklin, Yvette,</subfield>
    <subfield code="e">editor.</subfield>
  </datafield>
</record>