
<record>
  <leader>02754cam a22004338i 4500</leader>
  <controlfield tag="001">21351392</controlfield>
  <controlfield tag="005">20200103162836.0</controlfield>
  <controlfield tag="008">191230s2020    nyu     ob    001 0 eng  </controlfield>
  <controlfield tag="006">m |o d | </controlfield>
  <controlfield tag="007">cr_|||||||||||</controlfield>
  <datafield tag="906" ind1=" " ind2=" ">
    <subfield code="a">7</subfield>
    <subfield code="b">cbc</subfield>
    <subfield code="c">orignew</subfield>
    <subfield code="d">1</subfield>
    <subfield code="e">ecip</subfield>
    <subfield code="f">20</subfield>
    <subfield code="g">y-gencatlg</subfield>
  </datafield>
  <datafield tag="925" ind1="0" ind2=" ">
    <subfield code="a">acquire</subfield>
    <subfield code="e">ecip ebook</subfield>
    <subfield code="x">policy default</subfield>
  </datafield>
  <datafield tag="955" ind1=" " ind2=" ">
    <subfield code="a">ecip ebook 2020-01-03</subfield>
  </datafield>
  <datafield tag="010" ind1=" " ind2=" ">
    <subfield code="a">  2019059970</subfield>
  </datafield>
  <datafield tag="020" ind1=" " ind2=" ">
    <subfield code="a">9781789974171</subfield>
    <subfield code="q">(mobi)</subfield>
  </datafield>
  <datafield tag="020" ind1=" " ind2=" ">
    <subfield code="a">9781789974157</subfield>
    <subfield code="q">(ebook)</subfield>
  </datafield>
  <datafield tag="020" ind1=" " ind2=" ">
    <subfield code="a">9781789974164</subfield>
    <subfield code="q">(epub)</subfield>
  </datafield>
  <datafield tag="020" ind1=" " ind2=" ">
    <subfield code="z">9781789973860</subfield>
    <subfield code="q">(paperback)</subfield>
  </datafield>
  <datafield tag="040" ind1=" " ind2=" ">
    <subfield code="a">DLC</subfield>
    <subfield code="b">eng</subfield>
    <subfield code="c">DLC</subfield>
    <subfield code="e">rda</subfield>
  </datafield>
  <datafield tag="042" ind1=" " ind2=" ">
    <subfield code="a">pcc</subfield>
  </datafield>
  <datafield tag="043" ind1=" " ind2=" ">
    <subfield code="a">e------</subfield>
    <subfield code="a">ff-----</subfield>
    <subfield code="a">aw-----</subfield>
  </datafield>
  <datafield tag="050" ind1="0" ind2="0">
    <subfield code="a">DE8</subfield>
  </datafield>
  <datafield tag="082" ind1="0" ind2="0">
    <subfield code="a">937</subfield>
    <subfield code="2">23</subfield>
  </datafield>
  <datafield tag="100" ind1="1" ind2=" ">
    <subfield code="a">Richardson, James H.,</subfield>
    <subfield code="d">1976-</subfield>
    <subfield code="e">author.</subfield>
  </datafield>
  <datafield tag="245" ind1="1" ind2="0">
    <subfield code="a">Kings and consuls :</subfield>
    <subfield code="b">eight essays on Roman history, historiography, and political thought /</subfield>
    <subfield code="c">James H. Richardson.</subfield>
  </datafield>
  <datafield tag="263" ind1=" " ind2=" ">
    <subfield code="a">2004</subfield>
  </datafield>
  <datafield tag="264" ind1=" " ind2="1">
    <subfield code="a">New York :</subfield>
    <subfield code="b">Peter Lang,</subfield>
    <subfield code="c">2020.</subfield>
  </datafield>
  <datafield tag="300" ind1=" " ind2=" ">
    <subfield code="a">1 online resource</subfield>
  </datafield>
  <datafield tag="336" ind1=" " ind2=" ">
    <subfield code="a">text</subfield>
    <subfield code="b">txt</subfield>
    <subfield code="2">rdacontent</subfield>
  </datafield>
  <datafield tag="337" ind1=" " ind2=" ">
    <subfield code="a">computer</subfield>
    <subfield code="b">n</subfield>
    <subfield code="2">rdamedia</subfield>
  </datafield>
  <datafield tag="338" ind1=" " ind2=" ">
    <subfield code="a">online resource</subfield>
    <subfield code="b">nc</subfield>
    <subfield code="2">rdacarrier</subfield>
  </datafield>
  <datafield tag="504" ind1=" " ind2=" ">
    <subfield code="a">Includes bibliographical references and index.</subfield>
  </datafield>
  <datafield tag="520" ind1=" " ind2=" ">
    <subfield code="a">&quot;From the beginning, kings ruled Rome; Lucius Brutus established freedom and the consulship. So wrote the Roman historian Tacitus in the second century AD, but the view was orthodox. It is still widely accepted today. But how could the Romans of later times have possibly known anything about the origins of Rome, the rule and subsequent expulsion of their kings or the creation of the Republic when all those events took place centuries before anyone wrote any account of them? And just how useful are those later accounts, those few that happen to survive, when the Romans not only viewed the past in light of the present but also retold stories of past events in ways designed to meet contemporary needs? This book attempts to assess what the Romans wrote about the early development of their state. While it may not, in the end, be possible to say very much about archaic Rome, it is certainly possible to draw conclusions about later political ideas and their influence on what the Romans said about their past, about the writing of history at Rome and about the role that stories of past events could play even centuries later&quot;--</subfield>
    <subfield code="c">Provided by publisher.</subfield>
  </datafield>
  <datafield tag="588" ind1=" " ind2=" ">
    <subfield code="a">Description based on print version record and CIP data provided by publisher; resource not viewed.</subfield>
  </datafield>
  <datafield tag="651" ind1=" " ind2="0">
    <subfield code="a">Rome</subfield>
    <subfield code="x">Historiography.</subfield>
  </datafield>
  <datafield tag="651" ind1=" " ind2="0">
    <subfield code="a">Rome</subfield>
    <subfield code="x">Politics and government</subfield>
    <subfield code="x">Historiography.</subfield>
  </datafield>
  <datafield tag="700" ind1="1" ind2=" ">
    <subfield code="a">Richardson, James H.,</subfield>
    <subfield code="e">editor.</subfield>
  </datafield>
  <datafield tag="776" ind1="0" ind2="8">
    <subfield code="i">Print version:</subfield>
    <subfield code="a">Richardson, James H., 1976-</subfield>
    <subfield code="t">Kings and consuls</subfield>
    <subfield code="d">New York : Peter Lang, 2020.</subfield>
    <subfield code="z">9781789973860</subfield>
    <subfield code="w">(DLC) 2019059969</subfield>
  </datafield>
  <datafield tag="985" ind1=" " ind2=" ">
    <subfield code="a">LC online resource</subfield>
    <subfield code="d">2020-01-03</subfield>
  </datafield>
</record>