
<record>
  <leader>03020cjm a2200481 i 4500</leader>
  <controlfield tag="001">21351426</controlfield>
  <controlfield tag="005">20200103170139.0</controlfield>
  <controlfield tag="007">sd fungnnmmnee</controlfield>
  <controlfield tag="008">200103s2019    ir uun|           | zxx d</controlfield>
  <datafield tag="906" ind1=" " ind2=" ">
    <subfield code="a">0</subfield>
    <subfield code="b">ibc</subfield>
    <subfield code="c">copycat</subfield>
    <subfield code="d">2</subfield>
    <subfield code="e">ncip</subfield>
    <subfield code="f">20</subfield>
    <subfield code="g">y-soundrec</subfield>
  </datafield>
  <datafield tag="925" ind1="0" ind2=" ">
    <subfield code="a">acquire</subfield>
    <subfield code="b">2 shelf copies</subfield>
    <subfield code="x">policy default</subfield>
  </datafield>
  <datafield tag="955" ind1=" " ind2=" ">
    <subfield code="a">qr39 2020-01-03 z-client</subfield>
    <subfield code="i">qr39 2020-01-03</subfield>
  </datafield>
  <datafield tag="010" ind1=" " ind2=" ">
    <subfield code="a">  2020615054</subfield>
  </datafield>
  <datafield tag="024" ind1="3" ind2=" ">
    <subfield code="a">6260608006482</subfield>
  </datafield>
  <datafield tag="028" ind1="0" ind2="2">
    <subfield code="a">M.CD-542</subfield>
    <subfield code="b">Mahoor Institute of Culture and Arts</subfield>
  </datafield>
  <datafield tag="028" ind1="0" ind2="0">
    <subfield code="a">542</subfield>
    <subfield code="b">Mahoor Institute of Culture and Arts</subfield>
  </datafield>
  <datafield tag="035" ind1=" " ind2=" ">
    <subfield code="a">(OCoLC)on1088932232</subfield>
  </datafield>
  <datafield tag="040" ind1=" " ind2=" ">
    <subfield code="a">TDF</subfield>
    <subfield code="b">eng</subfield>
    <subfield code="e">rda</subfield>
    <subfield code="c">TDF</subfield>
    <subfield code="d">OCLCQ</subfield>
    <subfield code="d">DLC</subfield>
  </datafield>
  <datafield tag="042" ind1=" " ind2=" ">
    <subfield code="a">lccopycat</subfield>
  </datafield>
  <datafield tag="050" ind1="0" ind2="0">
    <subfield code="a">SDD 32437</subfield>
  </datafield>
  <datafield tag="245" ind1="0" ind2="0">
    <subfield code="a">Zarbi =</subfield>
    <subfield code="b">Singing /</subfield>
    <subfield code="c">Hoseyn Tehrâni.</subfield>
  </datafield>
  <datafield tag="246" ind1="3" ind2="1">
    <subfield code="a">Singing</subfield>
  </datafield>
  <datafield tag="246" ind1="3" ind2=" ">
    <subfield code="a">Hoseyn Tehrâni zarbi</subfield>
  </datafield>
  <datafield tag="246" ind1="3" ind2=" ">
    <subfield code="a">Hoseyn Tehrâni singing</subfield>
  </datafield>
  <datafield tag="264" ind1=" " ind2="1">
    <subfield code="a">Tehran, Iran :</subfield>
    <subfield code="b">Mahoor Institute of Culture and Arts,</subfield>
    <subfield code="c">[2018]</subfield>
  </datafield>
  <datafield tag="300" ind1=" " ind2=" ">
    <subfield code="a">1 audio disc (77:34) :</subfield>
    <subfield code="b">digital ;</subfield>
    <subfield code="c">4 3/4 in.</subfield>
  </datafield>
  <datafield tag="306" ind1=" " ind2=" ">
    <subfield code="a">011734</subfield>
  </datafield>
  <datafield tag="336" ind1=" " ind2=" ">
    <subfield code="a">performed music</subfield>
    <subfield code="b">prm</subfield>
    <subfield code="2">rdacontent</subfield>
  </datafield>
  <datafield tag="337" ind1=" " ind2=" ">
    <subfield code="a">audio</subfield>
    <subfield code="b">s</subfield>
    <subfield code="2">rdamedia</subfield>
  </datafield>
  <datafield tag="338" ind1=" " ind2=" ">
    <subfield code="a">audio disc</subfield>
    <subfield code="b">sd</subfield>
    <subfield code="2">rdacarrier</subfield>
  </datafield>
  <datafield tag="344" ind1=" " ind2=" ">
    <subfield code="a">digital</subfield>
    <subfield code="2">rdatr</subfield>
  </datafield>
  <datafield tag="344" ind1=" " ind2=" ">
    <subfield code="b">optical</subfield>
    <subfield code="2">rdarm</subfield>
  </datafield>
  <datafield tag="347" ind1=" " ind2=" ">
    <subfield code="a">audio file</subfield>
    <subfield code="2">rdaft</subfield>
  </datafield>
  <datafield tag="347" ind1=" " ind2=" ">
    <subfield code="b">CD audio</subfield>
  </datafield>
  <datafield tag="382" ind1="1" ind2="1">
    <subfield code="a">zarb</subfield>
    <subfield code="n">1</subfield>
  </datafield>
  <datafield tag="546" ind1=" " ind2=" ">
    <subfield code="a">Sung in Persian.</subfield>
  </datafield>
  <datafield tag="500" ind1=" " ind2=" ">
    <subfield code="a">Title from disc label; also in Persian.</subfield>
  </datafield>
  <datafield tag="511" ind1="0" ind2=" ">
    <subfield code="a">Hoseyn Tehrâni, tombak ; with additional musicians.</subfield>
  </datafield>
  <datafield tag="500" ind1=" " ind2=" ">
    <subfield code="a">Compilation and accompanying notes by Mohammad-Rezā Sharāyeli.</subfield>
  </datafield>
  <datafield tag="518" ind1=" " ind2=" ">
    <subfield code="o">Recorded</subfield>
    <subfield code="d">late 1940s-early 1970s.</subfield>
  </datafield>
  <datafield tag="500" ind1=" " ind2=" ">
    <subfield code="a">Program notes in Persian (12 pages : illustrations) inserted in container.</subfield>
  </datafield>
  <datafield tag="505" ind1="0" ind2=" ">
    <subfield code="a">Zarbi-ye Abu&apos;atâ / poem, Hâfez (Qobâd Zafar, santur) (2:33) -- Zarbi-ye Shur / poem: Forughi-ye Bastâmi ; Hafez (Abolhasan Sabâ, violin) (3:50) -- Zarbi-ye Shahnâz-e Shur / poem: Hâfez ; folk zarbis ; Sa&apos;di (Abolhasan Sabâ, violin) (8:48) -- Zarbi-ye Bayât-e Tork / poem: Adib Neyshâburi ; folk zarbis ; unknown ; related to Jalâl-eddin Mohammad Asir Esfahâni ; Vahshi Bâfqi ; Hâfez (Abolhasan Sabâ, violin) (9:34) -- Zarbi-ye Shushtari-ye Mansuri / poem: Safâ-ye Esfahâni ; related to Molânâ ; Hazin Lâhiji ; Molânâ (Abolhasan Sabâ, violin) (9:42) -- Âvâz &amp; Zarbi-ye Bayât-e Esfahân / poem: Hâfez ; Sa&apos;di ; folk zarbi (Abolhasan Sabâ, violin) (12:44) -- Zarbi-ye Shur / poem: Hâfez ; Vahshi Bâfqi (Abolhasan Sabâ, setâr) (4:20) -- Zarbi-ye Hejâz-e Abu&apos;atâ / poem: Nezâmi ; Âref Qazvini ; Hâfez (Mortezâ Mahjubi, piano ; Ali Tajvidi, violin (4:17) -- Âvâz &amp; Zarbi-ye Bayâat-e Tork / poem: Sa&apos;di ; Adib Neyshâburi ; unknown ; Hâfez (Lotfollâh Majd, târ) (10:40) -- Zarbi-ye Shahnâz-e Shur / poem: unknown ; related to Jalâl-eddin Mohammad Asir Esfahâni ; folk zarbi ; related to Naser-eddin Shâh (Mehdi Khâledi, violin) (4:16) -- Âvâz &amp; Zarbi-ye Bayât-e Esfahân / poem: related to Ferdowsi ; Bâbâ Tâher ; unknown (6:50).</subfield>
  </datafield>
  <datafield tag="700" ind1="1" ind2=" ">
    <subfield code="a">Tihrānī, Ḥusayn,</subfield>
    <subfield code="e">performer.</subfield>
  </datafield>
</record>