
<record>
  <leader>04753cam a22004818i 4500</leader>
  <controlfield tag="001">21351457</controlfield>
  <controlfield tag="005">20200103165724.0</controlfield>
  <controlfield tag="008">191220s2020    ksu     ob   s001 0 eng  </controlfield>
  <controlfield tag="006">m |o d | </controlfield>
  <controlfield tag="007">cr_|||||||||||</controlfield>
  <datafield tag="906" ind1=" " ind2=" ">
    <subfield code="a">7</subfield>
    <subfield code="b">cbc</subfield>
    <subfield code="c">orignew</subfield>
    <subfield code="d">1</subfield>
    <subfield code="e">ecip</subfield>
    <subfield code="f">20</subfield>
    <subfield code="g">y-gencatlg</subfield>
  </datafield>
  <datafield tag="925" ind1="0" ind2=" ">
    <subfield code="a">acquire</subfield>
    <subfield code="e">ecip ebook</subfield>
    <subfield code="x">policy default</subfield>
  </datafield>
  <datafield tag="955" ind1=" " ind2=" ">
    <subfield code="a">ecip ebook 2020-01-03</subfield>
  </datafield>
  <datafield tag="010" ind1=" " ind2=" ">
    <subfield code="a">  2019038626</subfield>
  </datafield>
  <datafield tag="020" ind1=" " ind2=" ">
    <subfield code="a">9780700629244</subfield>
    <subfield code="q">(epub)</subfield>
  </datafield>
  <datafield tag="020" ind1=" " ind2=" ">
    <subfield code="z">9780700629220</subfield>
    <subfield code="q">(cloth)</subfield>
  </datafield>
  <datafield tag="020" ind1=" " ind2=" ">
    <subfield code="z">9780700629237</subfield>
    <subfield code="q">(paperback)</subfield>
  </datafield>
  <datafield tag="040" ind1=" " ind2=" ">
    <subfield code="a">DLC</subfield>
    <subfield code="b">eng</subfield>
    <subfield code="c">DLC</subfield>
    <subfield code="e">rda</subfield>
  </datafield>
  <datafield tag="042" ind1=" " ind2=" ">
    <subfield code="a">pcc</subfield>
  </datafield>
  <datafield tag="043" ind1=" " ind2=" ">
    <subfield code="a">n-us---</subfield>
  </datafield>
  <datafield tag="050" ind1="0" ind2="0">
    <subfield code="a">HQ536</subfield>
  </datafield>
  <datafield tag="082" ind1="0" ind2="0">
    <subfield code="a">306.850973</subfield>
    <subfield code="2">23</subfield>
  </datafield>
  <datafield tag="245" ind1="0" ind2="0">
    <subfield code="a">Stating the family :</subfield>
    <subfield code="b">new directions in the study of American politics /</subfield>
    <subfield code="c">edited by Julie Novkov and Carol Nackenoff.</subfield>
  </datafield>
  <datafield tag="263" ind1=" " ind2=" ">
    <subfield code="a">2004</subfield>
  </datafield>
  <datafield tag="264" ind1=" " ind2="1">
    <subfield code="a">Lawrence, Kansas :</subfield>
    <subfield code="b">University Press of Kansas,</subfield>
    <subfield code="c">[2020]</subfield>
  </datafield>
  <datafield tag="300" ind1=" " ind2=" ">
    <subfield code="a">1 online resource</subfield>
  </datafield>
  <datafield tag="336" ind1=" " ind2=" ">
    <subfield code="a">text</subfield>
    <subfield code="b">txt</subfield>
    <subfield code="2">rdacontent</subfield>
  </datafield>
  <datafield tag="337" ind1=" " ind2=" ">
    <subfield code="a">computer</subfield>
    <subfield code="b">n</subfield>
    <subfield code="2">rdamedia</subfield>
  </datafield>
  <datafield tag="338" ind1=" " ind2=" ">
    <subfield code="a">online resource</subfield>
    <subfield code="b">nc</subfield>
    <subfield code="2">rdacarrier</subfield>
  </datafield>
  <datafield tag="504" ind1=" " ind2=" ">
    <subfield code="a">Includes bibliographical references and index.</subfield>
  </datafield>
  <datafield tag="505" ind1="0" ind2=" ">
    <subfield code="a">Foreword: Responsibility for the well-being of families / Joan Tronto -- Introduction: Stated families, family stakes : the family, the American state, and political development / Julie Novkov and Carol Nackenoff -- Democracy and family / June Carbone and Naomi Cahn -- Obergefell, marriage, and the neoliberal politics of care / Tamara Metz -- Constituting families : marriage equality activism, and the role of the state / Ellen Andersen -- The legal construction of motherhood and paternity : interracial unions and the color line in antebellum Louisiana / Gwendoline Alphonso and Richard Bensel -- A &quot;bridge to our daughters&quot; : Title IX fathers and policy development / Elizabeth Sharrow -- The feudal family and American political development : separate spheres versus woman suffrage / Eileen McDonagh -- Building the administrative state : courts and the admission of Chinese persons to the United States, 1870s-1920s / Carol Nackenoff and Julie Novkov -- Deportability and (dis)unification : family status and U.S. immigration policy / Alison Gash and Priscilla Yamin -- Conclusion / Julie Novkov and Carol Nackenoff.</subfield>
  </datafield>
  <datafield tag="520" ind1=" " ind2=" ">
    <subfield code="a">&quot;The family has become a nodal point for the political disputes and social divisions that characterize the nation today, including matters such as marriage, gender identity, immigration reform, and welfare programs. The family is frequently discussed in party platforms and by political nominees, often marking the gulf between liberal and conservative. Despite the key role it plays in politics, public policy, and American political development, the family has not received the attention it is due by political scientists-especially privileged male scholars-who have largely disregarded the topic as belonging to a supposedly nonpolitical state of nature or &quot;private sphere.&quot; More recently, however, theorists have explored the way the family affects the state and the state in turn affects, even constitutes, families. Family does not exist in a protected state of nature separate from the political, but instead both family and state determine each other. Extending this line of inquiry, the contributors to Stating the Family examine the role of family in American political development, particularly in the context of the rise of neoliberalism. While the family has been relied upon as the silent institutional partner of the state, neoliberal policies of privatization have undercut support for the family, which in turn has significant implications for the state. The contributors to Stating the Family cover such topics as marriage equality, interracial unions, birthright citizenship, immigration policy, and the role of the family in the political inclusion of women. Though the family has long been an invisible force within American political development, the essays in this volume help make visible the place of this important institution in the law, regulation, and policy of the American state&quot;--</subfield>
    <subfield code="c">Provided by publisher.</subfield>
  </datafield>
  <datafield tag="588" ind1=" " ind2=" ">
    <subfield code="a">Description based on print version record and CIP data provided by publisher; resource not viewed.</subfield>
  </datafield>
  <datafield tag="650" ind1=" " ind2="0">
    <subfield code="a">Families</subfield>
    <subfield code="x">Political aspects</subfield>
    <subfield code="z">United States.</subfield>
  </datafield>
  <datafield tag="650" ind1=" " ind2="0">
    <subfield code="a">Marriage</subfield>
    <subfield code="x">Political aspects</subfield>
    <subfield code="z">United States.</subfield>
  </datafield>
  <datafield tag="650" ind1=" " ind2="0">
    <subfield code="a">Family policy</subfield>
    <subfield code="z">United States.</subfield>
  </datafield>
  <datafield tag="650" ind1=" " ind2="0">
    <subfield code="a">Neoliberalism</subfield>
    <subfield code="z">United States.</subfield>
  </datafield>
  <datafield tag="651" ind1=" " ind2="0">
    <subfield code="a">United States</subfield>
    <subfield code="x">Social policy.</subfield>
  </datafield>
  <datafield tag="651" ind1=" " ind2="0">
    <subfield code="a">United States</subfield>
    <subfield code="x">Politics and government.</subfield>
  </datafield>
  <datafield tag="700" ind1="1" ind2=" ">
    <subfield code="a">Novkov, Julie,</subfield>
    <subfield code="d">1966-</subfield>
    <subfield code="e">editor.</subfield>
  </datafield>
  <datafield tag="700" ind1="1" ind2=" ">
    <subfield code="a">Nackenoff, Carol,</subfield>
    <subfield code="e">editor.</subfield>
  </datafield>
  <datafield tag="776" ind1="0" ind2="8">
    <subfield code="i">Print version:</subfield>
    <subfield code="t">Stating the family</subfield>
    <subfield code="d">Lawrence, Kansas : University Press of Kansas, [2020]</subfield>
    <subfield code="z">9780700629220</subfield>
    <subfield code="w">(DLC) 2019038625</subfield>
  </datafield>
  <datafield tag="985" ind1=" " ind2=" ">
    <subfield code="a">LC online resource</subfield>
    <subfield code="d">2020-01-03</subfield>
  </datafield>
</record>