
<record>
  <leader>04005cam a22004698i 4500</leader>
  <controlfield tag="001">21351509</controlfield>
  <controlfield tag="005">20200103171748.0</controlfield>
  <controlfield tag="008">191228s2020    nyu     ob    001 0 eng  </controlfield>
  <controlfield tag="006">m |o d | </controlfield>
  <controlfield tag="007">cr_|||||||||||</controlfield>
  <datafield tag="906" ind1=" " ind2=" ">
    <subfield code="a">7</subfield>
    <subfield code="b">cbc</subfield>
    <subfield code="c">orignew</subfield>
    <subfield code="d">1</subfield>
    <subfield code="e">ecip</subfield>
    <subfield code="f">20</subfield>
    <subfield code="g">y-gencatlg</subfield>
  </datafield>
  <datafield tag="925" ind1="0" ind2=" ">
    <subfield code="a">acquire</subfield>
    <subfield code="e">ecip ebook</subfield>
    <subfield code="x">policy default</subfield>
  </datafield>
  <datafield tag="955" ind1=" " ind2=" ">
    <subfield code="a">ecip ebook 2020-01-03</subfield>
  </datafield>
  <datafield tag="010" ind1=" " ind2=" ">
    <subfield code="a">  2019059695</subfield>
  </datafield>
  <datafield tag="020" ind1=" " ind2=" ">
    <subfield code="a">9781536172669</subfield>
    <subfield code="q">(adobe pdf)</subfield>
  </datafield>
  <datafield tag="020" ind1=" " ind2=" ">
    <subfield code="z">9781536172652</subfield>
    <subfield code="q">(hardcover)</subfield>
  </datafield>
  <datafield tag="040" ind1=" " ind2=" ">
    <subfield code="a">DLC</subfield>
    <subfield code="b">eng</subfield>
    <subfield code="c">DLC</subfield>
    <subfield code="e">rda</subfield>
  </datafield>
  <datafield tag="042" ind1=" " ind2=" ">
    <subfield code="a">pcc</subfield>
  </datafield>
  <datafield tag="050" ind1="0" ind2="0">
    <subfield code="a">SB106.B56</subfield>
  </datafield>
  <datafield tag="070" ind1="0" ind2=" ">
    <subfield code="a">SB106.B56</subfield>
    <subfield code="b">R434 2019</subfield>
  </datafield>
  <datafield tag="082" ind1="0" ind2="0">
    <subfield code="a">631.5/233</subfield>
    <subfield code="2">23</subfield>
  </datafield>
  <datafield tag="245" ind1="0" ind2="0">
    <subfield code="a">Recent advances in plant science /</subfield>
    <subfield code="c">[Filiz Vardar, Yıldız Aydın, Ahu Altınkut Uncuoğlu]</subfield>
  </datafield>
  <datafield tag="263" ind1=" " ind2=" ">
    <subfield code="a">2004</subfield>
  </datafield>
  <datafield tag="264" ind1=" " ind2="1">
    <subfield code="a">[Hauppauge], New York :</subfield>
    <subfield code="b">Nova Science Publishers,</subfield>
    <subfield code="c">[2019]</subfield>
  </datafield>
  <datafield tag="300" ind1=" " ind2=" ">
    <subfield code="a">1 online resource</subfield>
  </datafield>
  <datafield tag="336" ind1=" " ind2=" ">
    <subfield code="a">text</subfield>
    <subfield code="b">txt</subfield>
    <subfield code="2">rdacontent</subfield>
  </datafield>
  <datafield tag="337" ind1=" " ind2=" ">
    <subfield code="a">computer</subfield>
    <subfield code="b">n</subfield>
    <subfield code="2">rdamedia</subfield>
  </datafield>
  <datafield tag="338" ind1=" " ind2=" ">
    <subfield code="a">online resource</subfield>
    <subfield code="b">nc</subfield>
    <subfield code="2">rdacarrier</subfield>
  </datafield>
  <datafield tag="490" ind1="1" ind2=" ">
    <subfield code="a">Plant science research and practices</subfield>
  </datafield>
  <datafield tag="504" ind1=" " ind2=" ">
    <subfield code="a">Includes bibliographical references and index.</subfield>
  </datafield>
  <datafield tag="505" ind1="0" ind2=" ">
    <subfield code="a">CRISPR/Cas9 Gene Editing in Plants / Yelda Özden Çiftçi, Özlem Akkaya, Nil Türkölmez, Nicat Cebrailoğlu and Musa Kavas -- Assessing Phylogenetic Accuracy of Plant Species with Chloroplast and Nuclear Genome Specific Markers / Ezgi Çabuk Şahin, Seren Mete, Mehmet Aydemir, Yıldız Aydın and Ahu Altınkut Uncuoğlu -- History and Development of Non-Coding RNAs / Nermin Gozukirmizi, Elif Karlik and Gizem Celebi -- Transcriptomics: Past and Beyond / Zahide Neslihan Öztürk Gökçe  -- Bioinformatics and Its Utilization in Green Biotechnology / Yasemin Celik Altunoglu, Asli Ugurlu, Pınar Baloglu and Mehmet Cengiz Baloglu -- Modern Techniques in Crop Improvement: Conventional and Biotechnological Approach / Yalcin Kaya and Necmi Beser -- Modern Techniques in Crop Improvement: Molecular and Genomic Approach / Yalcin Kaya and Necmi Beser -- Nanotechnology in Plant Sciences: Phytonanotechnology / Ahmet Onay, Israt Jahan and Fatih Mehmet Kılın -- Nanotechnology in Food and Agriculture / Füsun Eyidoğan, Ceren Bayraç, Abdullah Tahir Bayraç, Mehmet Cengiz Baloğlu, Necdet Mehmet Ünel and Hüseyin Avni Öktem -- Phytoremediation of Metal Pollutants / Gülriz Bayçu and Hilal Eroğlu -- Plant-Honeybee Interactions / Sibel Silici -- Programmed Cell Death in Plant Reproductive Development / Aslıhan Çetinbaş-Genç and Filiz Vardar -- In Vitro Androgenic Response of Sunflower / Nilüfer Akgül, Ecem Doğan, Ahu Altınkut Uncuoğlu and Yıldız Aydın -- The Effects of Putrescine Application against Aluminum Toxicity in Wheat (Triticum aestivum) Roots / Özge Akgün, Aslıhan Çetinbaş-Genç, Fatma Yanık, and Filiz Vardar.</subfield>
  </datafield>
  <datafield tag="520" ind1=" " ind2=" ">
    <subfield code="a">&quot;This book compiles original and review advances from a number of different focuses and latest developments in the important field of plant biology/science from around the world. The publication will be a beneficial and valuable resource for many people and groups related to plant growth and development as well as teachers, researchers, commercial growers and advanced students of plant biological science. The proposed publication can be used in some interesting and unusual places such as biofuels, edible vaccine, phytoremediation and cosmetics&quot;--</subfield>
    <subfield code="c">Provided by publisher.</subfield>
  </datafield>
  <datafield tag="588" ind1=" " ind2=" ">
    <subfield code="a">Description based on print version record and CIP data provided by publisher; resource not viewed.</subfield>
  </datafield>
  <datafield tag="650" ind1=" " ind2="0">
    <subfield code="a">Plant biotechnology.</subfield>
  </datafield>
  <datafield tag="650" ind1=" " ind2="0">
    <subfield code="a">Agricultural biotechnology.</subfield>
  </datafield>
  <datafield tag="650" ind1=" " ind2="0">
    <subfield code="a">Botany.</subfield>
  </datafield>
  <datafield tag="700" ind1="1" ind2=" ">
    <subfield code="a">Vardar, Filiz,</subfield>
    <subfield code="e">editor.</subfield>
  </datafield>
  <datafield tag="700" ind1="1" ind2=" ">
    <subfield code="a">Aydın, Yıldız</subfield>
    <subfield code="c">(Marmara Üniversitesi),</subfield>
    <subfield code="e">editor.</subfield>
  </datafield>
  <datafield tag="700" ind1="1" ind2=" ">
    <subfield code="a">Uncuoğlu, Ahu Altınkut,</subfield>
    <subfield code="e">editor.</subfield>
  </datafield>
  <datafield tag="776" ind1="0" ind2="8">
    <subfield code="i">Print version:</subfield>
    <subfield code="t">Recent advances in plant science</subfield>
    <subfield code="d">[Hauppauge], New York : Nova Science Publishers, [2019]</subfield>
    <subfield code="z">9781536172652</subfield>
    <subfield code="w">(DLC) 2019059694</subfield>
  </datafield>
  <datafield tag="830" ind1=" " ind2="0">
    <subfield code="a">Plant science research and practices.</subfield>
  </datafield>
  <datafield tag="985" ind1=" " ind2=" ">
    <subfield code="a">LC online resource</subfield>
    <subfield code="d">2020-01-03</subfield>
  </datafield>
</record>