
<record>
  <leader>02992cjm a2200649 i 4500</leader>
  <controlfield tag="001">21351537</controlfield>
  <controlfield tag="005">20200103175124.0</controlfield>
  <controlfield tag="007">sd fsngnnmmned</controlfield>
  <controlfield tag="008">200103p20192018fi mpn|  fhi      | zxx d</controlfield>
  <datafield tag="906" ind1=" " ind2=" ">
    <subfield code="a">7</subfield>
    <subfield code="b">cbc</subfield>
    <subfield code="c">copycat</subfield>
    <subfield code="d">2</subfield>
    <subfield code="e">ncip</subfield>
    <subfield code="f">20</subfield>
    <subfield code="g">y-soundrec</subfield>
  </datafield>
  <datafield tag="925" ind1="0" ind2=" ">
    <subfield code="a">acquire</subfield>
    <subfield code="b">2 shelf copies</subfield>
    <subfield code="x">policy default</subfield>
  </datafield>
  <datafield tag="955" ind1=" " ind2=" ">
    <subfield code="a">qr06 2020-01-03 z-client</subfield>
    <subfield code="i">qr06 2020-01-03</subfield>
  </datafield>
  <datafield tag="010" ind1=" " ind2=" ">
    <subfield code="a">  2020615302</subfield>
  </datafield>
  <datafield tag="024" ind1="3" ind2=" ">
    <subfield code="a">0761195132821</subfield>
  </datafield>
  <datafield tag="024" ind1="1" ind2=" ">
    <subfield code="z">761195132821</subfield>
  </datafield>
  <datafield tag="028" ind1="0" ind2="2">
    <subfield code="a">ODE 1328-2D</subfield>
    <subfield code="b">Ondine</subfield>
  </datafield>
  <datafield tag="033" ind1="2" ind2="0">
    <subfield code="a">20180618</subfield>
    <subfield code="a">20180621</subfield>
    <subfield code="b">6954</subfield>
    <subfield code="c">G3</subfield>
  </datafield>
  <datafield tag="035" ind1=" " ind2=" ">
    <subfield code="a">(OCoLC)on1082326591</subfield>
  </datafield>
  <datafield tag="040" ind1=" " ind2=" ">
    <subfield code="a">TDF</subfield>
    <subfield code="b">eng</subfield>
    <subfield code="e">rda</subfield>
    <subfield code="c">TDF</subfield>
    <subfield code="d">OCLCQ</subfield>
    <subfield code="d">OCLCO</subfield>
    <subfield code="d">HCO</subfield>
    <subfield code="d">CHVBK</subfield>
    <subfield code="d">OCLCO</subfield>
    <subfield code="d">UMC</subfield>
    <subfield code="d">OCLCF</subfield>
    <subfield code="d">RBN</subfield>
    <subfield code="d">DLC</subfield>
  </datafield>
  <datafield tag="041" ind1="0" ind2=" ">
    <subfield code="g">eng</subfield>
    <subfield code="g">swe</subfield>
  </datafield>
  <datafield tag="042" ind1=" " ind2=" ">
    <subfield code="a">lccopycat</subfield>
  </datafield>
  <datafield tag="048" ind1=" " ind2=" ">
    <subfield code="a">oa</subfield>
  </datafield>
  <datafield tag="050" ind1="0" ind2="0">
    <subfield code="a">SDD 32419</subfield>
  </datafield>
  <datafield tag="100" ind1="1" ind2=" ">
    <subfield code="a">Järnefelt, Armas,</subfield>
    <subfield code="d">1869-1958,</subfield>
    <subfield code="e">composer.</subfield>
  </datafield>
  <datafield tag="240" ind1="1" ind2="0">
    <subfield code="a">Sången om den eldröda blommen</subfield>
  </datafield>
  <datafield tag="245" ind1="1" ind2="0">
    <subfield code="a">Song of the scarlet flower :</subfield>
    <subfield code="b">[full score to the 1919 film] /</subfield>
    <subfield code="c">Armas Järnefelt.</subfield>
  </datafield>
  <datafield tag="246" ind1="1" ind2=" ">
    <subfield code="i">Subtitle on container:</subfield>
    <subfield code="a">full score to the 1919 film</subfield>
  </datafield>
  <datafield tag="264" ind1=" " ind2="1">
    <subfield code="a">Helsinki, Finland :</subfield>
    <subfield code="b">Ondine,</subfield>
    <subfield code="c">[2019]</subfield>
  </datafield>
  <datafield tag="264" ind1=" " ind2="4">
    <subfield code="c">℗2019,</subfield>
    <subfield code="c">©2019</subfield>
  </datafield>
  <datafield tag="300" ind1=" " ind2=" ">
    <subfield code="a">2 audio discs (1 hr., 39 min., 34 sec.) :</subfield>
    <subfield code="b">digital, CD audio ;</subfield>
    <subfield code="c">4 3/4 in.</subfield>
  </datafield>
  <datafield tag="306" ind1=" " ind2=" ">
    <subfield code="a">004640</subfield>
    <subfield code="a">005254</subfield>
  </datafield>
  <datafield tag="336" ind1=" " ind2=" ">
    <subfield code="a">performed music</subfield>
    <subfield code="b">prm</subfield>
    <subfield code="2">rdacontent</subfield>
  </datafield>
  <datafield tag="337" ind1=" " ind2=" ">
    <subfield code="a">audio</subfield>
    <subfield code="b">s</subfield>
    <subfield code="2">rdamedia</subfield>
  </datafield>
  <datafield tag="338" ind1=" " ind2=" ">
    <subfield code="a">audio disc</subfield>
    <subfield code="b">sd</subfield>
    <subfield code="2">rdacarrier</subfield>
  </datafield>
  <datafield tag="344" ind1=" " ind2=" ">
    <subfield code="a">digital</subfield>
    <subfield code="2">rdatr</subfield>
  </datafield>
  <datafield tag="344" ind1=" " ind2=" ">
    <subfield code="b">optical</subfield>
    <subfield code="2">rdarm</subfield>
  </datafield>
  <datafield tag="344" ind1=" " ind2=" ">
    <subfield code="c">1.4 m/s</subfield>
  </datafield>
  <datafield tag="347" ind1=" " ind2=" ">
    <subfield code="a">audio file</subfield>
    <subfield code="2">rdaft</subfield>
  </datafield>
  <datafield tag="347" ind1=" " ind2=" ">
    <subfield code="b">CD audio</subfield>
  </datafield>
  <datafield tag="500" ind1=" " ind2=" ">
    <subfield code="a">Title from disc label.</subfield>
  </datafield>
  <datafield tag="511" ind1="0" ind2=" ">
    <subfield code="a">Gävle Symphony Orchestra ; Jaakko Kuusisto, conductor.</subfield>
  </datafield>
  <datafield tag="518" ind1=" " ind2=" ">
    <subfield code="o">Recorded</subfield>
    <subfield code="p">Gävle Konserthuset (Gävle Concert Hall), Sweden</subfield>
    <subfield code="d">2018 June 18-21.</subfield>
  </datafield>
  <datafield tag="500" ind1=" " ind2=" ">
    <subfield code="a">Notes on the film score history, composer, and chapter synopses by Kimmo Korhonen ; in English and Swedish, (23 pages : portraits) inserted in container.</subfield>
  </datafield>
  <datafield tag="505" ind1="0" ind2="0">
    <subfield code="g">CD 1.</subfield>
    <subfield code="t">Chapter I: the first flush of spring</subfield>
    <subfield code="g">(11:30) ;</subfield>
    <subfield code="t">Chapter II: the mother&apos;s glance</subfield>
    <subfield code="g">(17:26) ;</subfield>
    <subfield code="t">Chapter III: learning life</subfield>
    <subfield code="g">(17:24) --</subfield>
    <subfield code="g">CD 2.</subfield>
    <subfield code="t">Chapter IV: a young man&apos;s daring-do</subfield>
    <subfield code="g">(9:02) ;</subfield>
    <subfield code="t">Chapter V: Kyllikki</subfield>
    <subfield code="g">(15:20) ;</subfield>
    <subfield code="t">Chapter VI: in the town</subfield>
    <subfield code="g">(17:05) ;</subfield>
    <subfield code="t">Chapter VII: the pilgrimage</subfield>
    <subfield code="g">(11:02).</subfield>
  </datafield>
  <datafield tag="520" ind1=" " ind2=" ">
    <subfield code="a">&quot;Full orchestral score to the 1919 silent film by Mauritz Stiller, completed and restored by Jani Kyllönen and Jaakko Kuusisto&quot;--Container.</subfield>
  </datafield>
  <datafield tag="650" ind1=" " ind2="0">
    <subfield code="a">Silent film music.</subfield>
  </datafield>
  <datafield tag="650" ind1=" " ind2="7">
    <subfield code="a">Silent film music.</subfield>
    <subfield code="2">fast</subfield>
    <subfield code="0">(OCoLC)fst01118539</subfield>
  </datafield>
  <datafield tag="651" ind1=" " ind2="7">
    <subfield code="a">Finnland</subfield>
    <subfield code="2">gnd</subfield>
  </datafield>
  <datafield tag="655" ind1=" " ind2="7">
    <subfield code="a">Art music.</subfield>
    <subfield code="2">fast</subfield>
    <subfield code="0">(OCoLC)fst01920007</subfield>
  </datafield>
  <datafield tag="655" ind1=" " ind2="7">
    <subfield code="a">Silent film music.</subfield>
    <subfield code="2">fast</subfield>
    <subfield code="0">(OCoLC)fst01920356</subfield>
  </datafield>
  <datafield tag="655" ind1=" " ind2="7">
    <subfield code="a">Silent film music.</subfield>
    <subfield code="2">lcgft</subfield>
  </datafield>
  <datafield tag="655" ind1=" " ind2="7">
    <subfield code="a">Art music.</subfield>
    <subfield code="2">lcgft</subfield>
  </datafield>
  <datafield tag="700" ind1="1" ind2=" ">
    <subfield code="a">Kuusisto, Jaakko,</subfield>
    <subfield code="d">1974-</subfield>
    <subfield code="e">conductor.</subfield>
  </datafield>
  <datafield tag="700" ind1="1" ind2=" ">
    <subfield code="a">Kyllönen, Jani,</subfield>
    <subfield code="e">composer (expression)</subfield>
  </datafield>
  <datafield tag="700" ind1="1" ind2=" ">
    <subfield code="a">Korhonen, Kimmo,</subfield>
    <subfield code="d">1959-</subfield>
    <subfield code="e">writer of supplementary textual content.</subfield>
  </datafield>
  <datafield tag="710" ind1="2" ind2=" ">
    <subfield code="a">Gävle symfoniorkester,</subfield>
    <subfield code="e">instrumentalist.</subfield>
  </datafield>
  <datafield tag="730" ind1="0" ind2=" ">
    <subfield code="i">Music for motion picture (work):</subfield>
    <subfield code="a">Sången om den eldröda blommen (Motion picture)</subfield>
  </datafield>
</record>