
<record>
  <leader>01668cjm a2200397 a 4500</leader>
  <controlfield tag="001">21351539</controlfield>
  <controlfield tag="005">20200103174551.0</controlfield>
  <controlfield tag="007">sd fsngnnmmned</controlfield>
  <controlfield tag="008">200103s1993    nyuppn|           | eng d</controlfield>
  <datafield tag="906" ind1=" " ind2=" ">
    <subfield code="a">0</subfield>
    <subfield code="b">ibc</subfield>
    <subfield code="c">copycat</subfield>
    <subfield code="d">2</subfield>
    <subfield code="e">ncip</subfield>
    <subfield code="f">20</subfield>
    <subfield code="g">y-soundrec</subfield>
  </datafield>
  <datafield tag="925" ind1="0" ind2=" ">
    <subfield code="a">acquire</subfield>
    <subfield code="b">2 shelf copies</subfield>
    <subfield code="x">policy default</subfield>
  </datafield>
  <datafield tag="955" ind1=" " ind2=" ">
    <subfield code="a">qr36 2020-01-03 z-client</subfield>
    <subfield code="i">qr36 2020-01-03</subfield>
  </datafield>
  <datafield tag="010" ind1=" " ind2=" ">
    <subfield code="a">  2020615223</subfield>
  </datafield>
  <datafield tag="024" ind1="1" ind2=" ">
    <subfield code="a">088561111427</subfield>
  </datafield>
  <datafield tag="028" ind1="0" ind2="2">
    <subfield code="a">88561-1114-2</subfield>
    <subfield code="b">Relativity/Violator</subfield>
  </datafield>
  <datafield tag="035" ind1=" " ind2=" ">
    <subfield code="a">(OCoLC)ocn178654647</subfield>
  </datafield>
  <datafield tag="040" ind1=" " ind2=" ">
    <subfield code="a">BTCTA</subfield>
    <subfield code="b">eng</subfield>
    <subfield code="c">BTCTA</subfield>
    <subfield code="d">OCLCO</subfield>
    <subfield code="d">OCLCF</subfield>
    <subfield code="d">OCLCO</subfield>
    <subfield code="d">OCLCQ</subfield>
    <subfield code="d">OCLCO</subfield>
    <subfield code="d">BGU</subfield>
    <subfield code="d">OCLCO</subfield>
    <subfield code="d">OCL</subfield>
    <subfield code="d">DLC</subfield>
  </datafield>
  <datafield tag="042" ind1=" " ind2=" ">
    <subfield code="a">lccopycat</subfield>
  </datafield>
  <datafield tag="050" ind1="0" ind2="0">
    <subfield code="a">SDD 32545</subfield>
  </datafield>
  <datafield tag="082" ind1="0" ind2="4">
    <subfield code="a">782.42164/9</subfield>
    <subfield code="2">21</subfield>
  </datafield>
  <datafield tag="110" ind1="2" ind2=" ">
    <subfield code="a">Beatnuts (Musical group)</subfield>
    <subfield code="4">prf</subfield>
  </datafield>
  <datafield tag="245" ind1="1" ind2="0">
    <subfield code="a">Intoxicated demons the EP /</subfield>
    <subfield code="c">the Beatnuts.</subfield>
  </datafield>
  <datafield tag="260" ind1=" " ind2=" ">
    <subfield code="a">[New York] :</subfield>
    <subfield code="b">Relativity/Violator,</subfield>
    <subfield code="c">℗1993.</subfield>
  </datafield>
  <datafield tag="300" ind1=" " ind2=" ">
    <subfield code="a">1 audio disc :</subfield>
    <subfield code="b">digital ;</subfield>
    <subfield code="c">4 3/4 in.</subfield>
  </datafield>
  <datafield tag="336" ind1=" " ind2=" ">
    <subfield code="a">performed music</subfield>
    <subfield code="b">prm</subfield>
    <subfield code="2">rdacontent</subfield>
  </datafield>
  <datafield tag="337" ind1=" " ind2=" ">
    <subfield code="a">audio</subfield>
    <subfield code="b">s</subfield>
    <subfield code="2">rdamedia</subfield>
  </datafield>
  <datafield tag="338" ind1=" " ind2=" ">
    <subfield code="a">audio disc</subfield>
    <subfield code="b">sd</subfield>
    <subfield code="2">rdacarrier</subfield>
  </datafield>
  <datafield tag="511" ind1="0" ind2=" ">
    <subfield code="a">The Beatnuts (Psycho Les, Juju, Fashion).</subfield>
  </datafield>
  <datafield tag="518" ind1=" " ind2=" ">
    <subfield code="a">Recorded at Variety Studios and LGK Studios.</subfield>
  </datafield>
  <datafield tag="500" ind1=" " ind2=" ">
    <subfield code="a">&quot;Parental advisory, explicit lyrics&quot;--Label on shrinkwrap.</subfield>
  </datafield>
  <datafield tag="500" ind1=" " ind2=" ">
    <subfield code="a">Compact disc.</subfield>
  </datafield>
  <datafield tag="505" ind1="0" ind2=" ">
    <subfield code="a">World&apos;s famous intro -- World&apos;s famous -- Engineer talking shit -- Psycho dwarf (Fuck, drink beer &amp; smoke some shit) -- On the 1+2 -- No equal -- Reign of the tec -- Quality &amp; the bushmen off the top -- Third of the trio -- Phone call -- Story (Pinky in the twat).</subfield>
  </datafield>
  <datafield tag="650" ind1=" " ind2="0">
    <subfield code="a">Rap (Music)</subfield>
  </datafield>
  <datafield tag="650" ind1=" " ind2="7">
    <subfield code="a">Rap (Music)</subfield>
    <subfield code="2">fast</subfield>
    <subfield code="0">(OCoLC)fst01089951</subfield>
  </datafield>
  <datafield tag="655" ind1=" " ind2="7">
    <subfield code="a">Rap (Music)</subfield>
    <subfield code="2">fast</subfield>
    <subfield code="0">(OCoLC)fst01726716</subfield>
  </datafield>
  <datafield tag="655" ind1=" " ind2="7">
    <subfield code="a">Rap (Music)</subfield>
    <subfield code="2">lcgft</subfield>
  </datafield>
</record>