
<record>
  <leader>02550nam a22002655i 4500</leader>
  <controlfield tag="001">21351548</controlfield>
  <controlfield tag="005">20200103175557.0</controlfield>
  <controlfield tag="008">200103s2020    cau           000 0 eng  </controlfield>
  <datafield tag="906" ind1=" " ind2=" ">
    <subfield code="a">0</subfield>
    <subfield code="b">ibc</subfield>
    <subfield code="c">orignew</subfield>
    <subfield code="d">2</subfield>
    <subfield code="e">epcn</subfield>
    <subfield code="f">20</subfield>
    <subfield code="g">y-gencatlg</subfield>
  </datafield>
  <datafield tag="925" ind1="0" ind2=" ">
    <subfield code="a">acquire</subfield>
    <subfield code="b">1 shelf copy</subfield>
    <subfield code="x">policy default</subfield>
  </datafield>
  <datafield tag="955" ind1=" " ind2=" ">
    <subfield code="b">xd04 2020-01-03</subfield>
  </datafield>
  <datafield tag="010" ind1=" " ind2=" ">
    <subfield code="a">  2020930124</subfield>
  </datafield>
  <datafield tag="020" ind1=" " ind2=" ">
    <subfield code="a">9781950192694</subfield>
    <subfield code="q">(paperback)</subfield>
  </datafield>
  <datafield tag="020" ind1=" " ind2=" ">
    <subfield code="z">9781950192700</subfield>
    <subfield code="q">(adobe pdf)</subfield>
  </datafield>
  <datafield tag="040" ind1=" " ind2=" ">
    <subfield code="a">DLC</subfield>
    <subfield code="b">eng</subfield>
    <subfield code="e">rda</subfield>
    <subfield code="c">DLC</subfield>
  </datafield>
  <datafield tag="042" ind1=" " ind2=" ">
    <subfield code="a">pcc</subfield>
  </datafield>
  <datafield tag="100" ind1="1" ind2=" ">
    <subfield code="a">Hall, Alaric,</subfield>
    <subfield code="e">author.</subfield>
  </datafield>
  <datafield tag="245" ind1="1" ind2="0">
    <subfield code="a">Útrásarvíkingar! :</subfield>
    <subfield code="b">the literature of the icelandic financial crisis (2008-2014) /</subfield>
    <subfield code="c">Alaric Hall.</subfield>
  </datafield>
  <datafield tag="263" ind1=" " ind2=" ">
    <subfield code="a">2002</subfield>
  </datafield>
  <datafield tag="264" ind1=" " ind2="1">
    <subfield code="a">Santa Barbara :</subfield>
    <subfield code="b">Punctum Books,</subfield>
    <subfield code="c">2020.</subfield>
  </datafield>
  <datafield tag="300" ind1=" " ind2=" ">
    <subfield code="a">pages cm</subfield>
  </datafield>
  <datafield tag="336" ind1=" " ind2=" ">
    <subfield code="a">text</subfield>
    <subfield code="b">txt</subfield>
    <subfield code="2">rdacontent</subfield>
  </datafield>
  <datafield tag="337" ind1=" " ind2=" ">
    <subfield code="a">unmediated</subfield>
    <subfield code="b">n</subfield>
    <subfield code="2">rdamedia</subfield>
  </datafield>
  <datafield tag="338" ind1=" " ind2=" ">
    <subfield code="a">volume</subfield>
    <subfield code="b">nc</subfield>
    <subfield code="2">rdacarrier</subfield>
  </datafield>
  <datafield tag="520" ind1=" " ind2=" ">
    <subfield code="a">&quot;As the global banking boom of the early twenty-first century expanded towards implosion, Icelandic media began calling the country&apos;s celebrity financiers útrásarvíkingar: &quot;raiding vikings.&quot; This new coinage encapsulated the macho, medievalist nationalism which underwrote Iceland&apos;s exponential financialisation. Yet within a few days in October 2008, Iceland saw all its main banks collapse beneath debts worth nearly ten times the country&apos;s GDP.Hall charts how Icelandic novelists and poets grappled with the Crash over the ensuing decade. As the first English-language monograph devoted to twenty-first-century Icelandic literature, it provides Anglophone readers with an introduction to one of the world&apos;s liveliest literary scenes. It also contributes a key case study for understanding global artistic responses to the early twenty-first century crisis of runaway, unregulated capitalism, exploring the struggles of writers to adapt realist forms of art to surreal times.As Iceland&apos;s biggest crisis since their independence from Denmark in 1944, the effect of the Crash on the national self-image was as seismic as its effects on the economy. This study analyses the centrality of whiteness and the abjection of the &quot;developing world&quot; in Iceland&apos;s post-colonial identity, and shows how Crash-writing explores the collisions of Iceland&apos;s traditional, nationalist medievalism with a dystopian, Orientalist medievalism associated with the Islamic world.The Crash in Iceland was instantly recognised as offering important economic insights. This book shows how Iceland also helps us to understand the cultural convulsions that have followed the Financial Crisis widely in the West&quot;--</subfield>
    <subfield code="c">Provided by publisher.</subfield>
  </datafield>
</record>