
<record>
  <leader>02350cam a22003258i 4500</leader>
  <controlfield tag="001">21351557</controlfield>
  <controlfield tag="005">20200103191332.0</controlfield>
  <controlfield tag="008">200103s2020    pau      b    001 0 eng  </controlfield>
  <datafield tag="906" ind1=" " ind2=" ">
    <subfield code="a">0</subfield>
    <subfield code="b">ibc</subfield>
    <subfield code="c">orignew</subfield>
    <subfield code="d">1</subfield>
    <subfield code="e">ecip</subfield>
    <subfield code="f">20</subfield>
    <subfield code="g">y-gencatlg</subfield>
  </datafield>
  <datafield tag="925" ind1="0" ind2=" ">
    <subfield code="a">acquire</subfield>
    <subfield code="b">1 shelf copy</subfield>
    <subfield code="x">policy default</subfield>
  </datafield>
  <datafield tag="955" ind1=" " ind2=" ">
    <subfield code="b">rk21 2020-01-03</subfield>
    <subfield code="c">rk21 2020-01-03 to rk09 for subj. (telework)</subfield>
  </datafield>
  <datafield tag="010" ind1=" " ind2=" ">
    <subfield code="a">  2019060101</subfield>
  </datafield>
  <datafield tag="020" ind1=" " ind2=" ">
    <subfield code="a">9781799850809</subfield>
    <subfield code="q">(hardcover)</subfield>
  </datafield>
  <datafield tag="020" ind1=" " ind2=" ">
    <subfield code="a">9781799852032</subfield>
    <subfield code="q">(paperback)</subfield>
  </datafield>
  <datafield tag="020" ind1=" " ind2=" ">
    <subfield code="z">9781799850816</subfield>
    <subfield code="q">(ebook)</subfield>
  </datafield>
  <datafield tag="040" ind1=" " ind2=" ">
    <subfield code="a">DLC</subfield>
    <subfield code="b">eng</subfield>
    <subfield code="e">rda</subfield>
    <subfield code="c">DLC</subfield>
  </datafield>
  <datafield tag="042" ind1=" " ind2=" ">
    <subfield code="a">pcc</subfield>
  </datafield>
  <datafield tag="245" ind1="0" ind2="0">
    <subfield code="a">Advanced security strategies in next generation computing models /</subfield>
    <subfield code="c">Shafi&apos;i Muhammad Abdulhamid and Muhammad Shafie Abd Latiff, editors.</subfield>
  </datafield>
  <datafield tag="263" ind1=" " ind2=" ">
    <subfield code="a">2005</subfield>
  </datafield>
  <datafield tag="264" ind1=" " ind2="1">
    <subfield code="a">Hershey, PA :</subfield>
    <subfield code="b">Information Science Reference, an imprint of IGI Global,</subfield>
    <subfield code="c">[2020]</subfield>
  </datafield>
  <datafield tag="300" ind1=" " ind2=" ">
    <subfield code="a">pages cm</subfield>
  </datafield>
  <datafield tag="336" ind1=" " ind2=" ">
    <subfield code="a">text</subfield>
    <subfield code="b">txt</subfield>
    <subfield code="2">rdacontent</subfield>
  </datafield>
  <datafield tag="337" ind1=" " ind2=" ">
    <subfield code="a">unmediated</subfield>
    <subfield code="b">n</subfield>
    <subfield code="2">rdamedia</subfield>
  </datafield>
  <datafield tag="338" ind1=" " ind2=" ">
    <subfield code="a">volume</subfield>
    <subfield code="b">nc</subfield>
    <subfield code="2">rdacarrier</subfield>
  </datafield>
  <datafield tag="504" ind1=" " ind2=" ">
    <subfield code="a">Includes bibliographical references and index.</subfield>
  </datafield>
  <datafield tag="505" ind1="2" ind2=" ">
    <subfield code="a">Advanced security strategies in next generation computing models / Shafi&apos;i Abdulhamid, Federal University Technology (FUT) Minna, Nigeria, Muhammad Abd Latiff, Universiti Teknologi Malaysia -- Data and privacy : On cloud data and privacy model / Henry Ukwuoma, Federal University of Technology Akure, Nigeria, Arome Gabriel, The Federal University of Technolgy Akure, Nigeria, Aderonke Thompson, The Federal University of Technology, Nigeria, Kayode Alese, The Federal University of Technology, Akure, Nigeria -- Honeypot in the next generation computing networks / Kashif Qureshi, Bahria Univeristy, Pakistan, Abeer Iftikhar, Bahria University, Islamabad, Pakistan, Faisal Bashir, Bahria University, Islamabad, Pakistan, Najam Islam, Bahria University, Islamabad, Pakistan.</subfield>
  </datafield>
  <datafield tag="520" ind1=" " ind2=" ">
    <subfield code="a">&quot;This book is a collection of innovative research on the methods and development of innovative computing technologies and their involvement in improving modern security approaches&quot;--</subfield>
    <subfield code="c">Provided by publisher.</subfield>
  </datafield>
  <datafield tag="700" ind1="1" ind2=" ">
    <subfield code="a">Abdulhamid, Shafi&apos;i Muhammad,</subfield>
    <subfield code="d">1997-</subfield>
    <subfield code="e">editor.</subfield>
  </datafield>
  <datafield tag="700" ind1="1" ind2=" ">
    <subfield code="a">Abd Latiff, Muhammad Shafie,</subfield>
    <subfield code="d">1963-</subfield>
    <subfield code="e">editor.</subfield>
  </datafield>
  <datafield tag="776" ind1="0" ind2="8">
    <subfield code="i">Online version:</subfield>
    <subfield code="t">Advanced security strategies in next generation computing models</subfield>
    <subfield code="d">Hershey, PA : Information Science Reference, an imprint of IGI Global,  [2020]</subfield>
    <subfield code="z">9781799850816</subfield>
    <subfield code="w">(DLC) 2019060102</subfield>
  </datafield>
</record>